@inproceedings{prepare,
 author = {Tan, Yongmin and Nguyen, Hiep and Shen, Zhiming and Gu, Xiaohui and Venkatramani, Chitra and Rajan, Deepak},
 title = {PREPARE: Predictive Performance Anomaly Prevention for Virtualized Cloud Systems},
 booktitle = {ICDCS},
 year = {2012},
} 

@inproceedings{act,
 author = {Mohammad Mejbah ul Alam and Abdullah Muzahid},
 title = {Production-Run Software Failure Diagnosis via Adaptive Communication Tracking},
 booktitle = {ISCA},
 year = {2016},
} 

@inproceedings{verticalprofiling,
 author = {Hauswirth, Matthias and Sweeney, Peter F. and Diwan, Amer and Hind, Michael},
 title = {Vertical Profiling: Understanding the Behavior of Object-priented Applications},
 booktitle = {OOPSLA},
 year = {2004},
} 

@misc{hprof,
title={{HPROF: A Heap/CPU Profiling Tool}},
author={Oracle Corporation},
howpublished="\url{http://docs.oracle.com/javase/7/docs/technotes/samples/hprof.html}",
}

@misc{gprof,
title={{GNU gprof}},
howpublished="\url{https://sourceware.org/binutils/docs/gprof/}",
}
